@inproceedings{mitchell:2013,
	author = {Mitchell, Mark C. and Bown, Oliver},
	title = {Towards a creativity support tool in processing: understanding the needs of creative coders},
	year = {2013},
	isbn = {9781450325257},
	publisher = {Association for Computing Machinery},
	address = {New York, NY, USA},
	doi = {10.1145/2541016.2541096},
	abstract = {},
	pages = {143â€“146},
	numpages = {4},
	location = {Adelaide, Australia},
	series = {OzCHI '13}
}

@misc{hobbs:2021,
	author = {Tyler Hobbs},
	title = {The importance of generative art},
	year = {2021},
	howpublished = {\url{https://www.tylerxhobbs.com/words/the-importance-of-generative-art}},
  	note = {Accessed: 2024-09-21}
}

@misc{huebner:2023,
	author = {Patrik H{\"u}bner},
	title = {Creative {T}echnologist und {D}esigner},
	year = {2023},
	howpublished = {\url{https://creative.nrw/patrik-huebner}},
  	note = {Accessed: 2024-09-21}
}

@book{mccarthy:2015,
	author = {Lauren McCarthy and Casey Reas and Ben Fry},
	title = {Getting Started with P5.Js: Making Interactive Graphics in {J}ava{S}cript and {P}rocessing},
	publisher = {Make Community, LLC},
	isbn = {978-1457186776},
	year = {2015},
  	pages = {244}
}


